<record><leader>00000cas a22000007a 4500</leader><controlfield tag="001">20324726</controlfield><controlfield tag="008">890911d18uu189umoudn ne      0    0eng d</controlfield><datafield ind1=" " ind2=" " tag="010"><subfield code="a">sn 89067256 </subfield></datafield><datafield ind1=" " ind2=" " tag="040"><subfield code="a">MQN</subfield><subfield code="b">eng</subfield><subfield code="c">MQN</subfield><subfield code="d">CNK</subfield><subfield code="d">OCL</subfield><subfield code="d">OCLCQ</subfield><subfield code="d">OCLCF</subfield><subfield code="d">OCLCO</subfield></datafield><datafield ind1=" " ind2=" " tag="042"><subfield code="a">msc</subfield></datafield><datafield ind1=" " ind2=" " tag="043"><subfield code="a">n-us-mo</subfield></datafield><datafield ind1="0" ind2="0" tag="245"><subfield code="a">Joplin morning herald.</subfield></datafield><datafield ind1=" " ind2=" " tag="260"><subfield code="a">Joplin, Mo. :</subfield><subfield code="b">Herald Print. Co.</subfield></datafield><datafield ind1=" " ind2=" " tag="300"><subfield code="a">v.</subfield></datafield><datafield ind1=" " ind2=" " tag="310"><subfield code="a">Daily (except Mon.)</subfield></datafield><datafield ind1=" " ind2=" " tag="500"><subfield code="a">"Special edition" published Aug. 17, 1890.</subfield></datafield><datafield ind1=" " ind2=" " tag="580"><subfield code="a">Weekly eds.: Joplin Sunday herald, &lt;Apr. 2, 1891&gt;-Jan. 29, 1893; Joplin weekly herald, Feb. 6, 1893-&lt;Nov. 19, 1894&gt;</subfield></datafield><datafield ind1=" " ind2=" " tag="588"><subfield code="a">Description based on: Vol. 15, no. 78 (Apr. 2, 1891).</subfield></datafield><datafield ind1=" " ind2="0" tag="651"><subfield code="a">Joplin (Mo.)</subfield><subfield code="v">Newspapers.</subfield></datafield><datafield ind1=" " ind2="7" tag="655"><subfield code="a">Newspapers.</subfield><subfield code="2">fast</subfield><subfield code="0">(OCoLC)fst01423814</subfield></datafield><datafield ind1=" " ind2="7" tag="651"><subfield code="a">Missouri</subfield><subfield code="z">Joplin.</subfield><subfield code="2">fast</subfield><subfield code="0">(OCoLC)fst01209528</subfield></datafield><datafield ind1=" " ind2=" " tag="752"><subfield code="a">United States</subfield><subfield code="b">Missouri</subfield><subfield code="c">Jasper</subfield><subfield code="d">Joplin.</subfield></datafield><datafield ind1="1" ind2=" " tag="775"><subfield code="t">Joplin Sunday herald</subfield><subfield code="w">(DLC)sn 89067259</subfield></datafield><datafield ind1="1" ind2=" " tag="775"><subfield code="t">Joplin weekly herald</subfield><subfield code="w">(DLC)sn 89067260</subfield></datafield><datafield ind1="0" ind2="0" tag="780"><subfield code="t">Joplin daily herald (Joplin, Mo. : 1877)</subfield><subfield code="w">(DLC)sn 89067255</subfield></datafield><datafield ind1="0" ind2="0" tag="785"><subfield code="t">Joplin daily herald (Joplin, Mo. : 1897)</subfield><subfield code="w">(DLC)sn 89067257</subfield></datafield></record>